%% This BibTeX bibliography file was created using BibDesk.
%% http://bibdesk.sourceforge.net/


%% Created for Don Sheehy at 2017-12-10 23:50:44 -0500


%% Saved with string encoding Unicode (UTF-8)



@article{borsuk48imbedding,
	Author = {Karol Borsuk},
	Date-Added = {2017-12-11 04:32:25 +0000},
	Date-Modified = {2017-12-11 04:32:25 +0000},
	Journal = {Fund. Math.},
	Pages = {217--234},
	Title = {On the imbedding of systems of compacta in simplicial complexes},
	Volume = {35},
	Year = {1948}}

@article{edelsbrunner02topological,
	Author = {Herbert Edelsbrunner and David Letscher and Afra Zomorodian},
	Date-Added = {2017-12-11 04:23:06 +0000},
	Date-Modified = {2017-12-11 04:23:06 +0000},
	Journal = {Discrete \& Computational Geometry},
	Keywords = {Persistence},
	Number = {28},
	Pages = {511--533},
	Title = {Topological Persistence and Simplification},
	Volume = {4},
	Year = {2002}}

@article{adamszek16nerve,
	Author = {Michal Adamszek and Henry Adams and Florian Frick and Chris Peterson and Corrine Previte-Johnson},
	Date-Added = {2017-12-11 02:44:24 +0000},
	Date-Modified = {2017-12-11 02:44:24 +0000},
	Journal = {Discrete {\&} Computational Geometry},
	Number = {2},
	Pages = {251--273},
	Title = {Nerve Complexes of Circular Arcs},
	Volume = {56},
	Year = {2016}}

@unpublished{gasparovic17complete,
	Author = {Ellen Gasparovic and Maria Gommel and Emilie Purvine and Bei Wang and Yusu Wang and Lori Ziegelmeier},
	Date-Added = {2017-12-11 02:41:57 +0000},
	Date-Modified = {2017-12-11 02:41:57 +0000},
	Note = {https://arxiv.org/abs/1702.07379},
	Title = {A Complete Characterization of the 1-Dimensional Intrinsic Cech Persistence Diagrams for Metric Graphs},
	Year = {2017}}

@inproceedings{chazal08towards,
	Author = {Fr{\'e}d{\'{e}}ric Chazal and Steve Y. Oudot},
	Booktitle = {Proceedings of the 24th {ACM} Symposium on Computational Geometry},
	Date-Added = {2017-12-11 02:19:30 +0000},
	Date-Modified = {2017-12-11 02:19:30 +0000},
	Keywords = {Persistence},
	Pages = {232--241},
	Title = {Towards Persistence-Based Reconstruction in {E}uclidean Spaces},
	Year = {2008}}

@article{aanjaneya12metric,
	Author = {Mridul Aanjaneya and Fr\'{e}d\'{e}ric Chazal and Daniel Chen and Marc Glisse and Leonidas Guibas and Dmitriy Morozov},
	Date-Added = {2017-12-11 02:00:15 +0000},
	Date-Modified = {2017-12-11 02:00:15 +0000},
	Journal = {International Journal of Computational Geometry and Applications (IJCGA)},
	Number = {04},
	Pages = {305--325},
	Title = {Metric Graph Reconstruction from Noisy Data},
	Volume = {22},
	Year = {2012}}


@article{chazal13persistence,
	Author = {Fr{\'e}d{\'e}ric Chazal Chazal and Leonidas J. Guibas and Steve Y. Oudot and Primoz Skraba},
	Bibsource = {dblp computer science bibliography, http://dblp.org},
	Biburl = {http://dblp.uni-trier.de/rec/bib/journals/jacm/ChazalGOS13},
	Date-Added = {2017-12-11 01:55:45 +0000},
	Date-Modified = {2017-12-11 01:55:45 +0000},
	Doi = {10.1145/2535927},
	Journal = {J. {ACM}},
	Number = {6:41},
	Pages = {97--106},
	Timestamp = {Fri, 06 Dec 2013 15:28:53 +0100},
	Title = {Persistence-Based Clustering in Riemannian Manifolds},
	Url = {http://doi.acm.org/10.1145/2535927},
	Volume = {60},
	Year = {2013},
	Bdsk-Url-1 = {http://doi.acm.org/10.1145/2535927},
	Bdsk-Url-2 = {http://dx.doi.org/10.1145/2535927}}

@article{chazelle94selecting,
	Author = {Bernard Chazelle and Herbert Edelsbrunner and Leonidas J. Guibas and John E. Hershberger and Raimund Seidel and Micha Sharir},
	Date-Added = {2017-07-13 21:06:23 +0000},
	Date-Modified = {2017-07-13 21:06:23 +0000},
	Journal = {{SIAM} J. Comput.},
	Number = {6},
	Pages = {1138--1151},
	Title = {Selecting Heavily Covered Points},
	Volume = {23},
	Year = {1994}}

@inproceedings{vonluxburg13density,
 author = {Ulrike von Luxburg  and Morteza Alamgir},
 title = {Density Estimation from Unweighted K-nearest Neighbor Graphs: A Roadmap},
 booktitle = {Proceedings of the 26th International Conference on Neural Information Processing Systems - Volume 1},
 series = {NIPS'13},
 year = {2013},
 location = {Lake Tahoe, Nevada},
 pages = {225--233},
 numpages = {9},
 url = {http://dl.acm.org/citation.cfm?id=2999611.2999637},
 acmid = {2999637},
 publisher = {Curran Associates Inc.},
 address = {USA},
}


@inproceedings{alamgir12shortest,
	Author = {Morteza Alamgir and Ulrike von Luxburg},
	Booktitle = {Proceedings of the 29th International Conference on Machine Learning},
	Date-Added = {2017-07-12 17:25:52 +0000},
	Date-Modified = {2017-07-12 17:25:52 +0000},
	Keywords = {DBD},
	Title = {Shortest path distance in random $k$-nearest neighbor graphs},
	Year = {2012}}

@inproceedings{arya95euclid,
	Acmid = {225191},
	Address = {New York, NY, USA},
	Author = {Arya, Sunil and Das, Gautam and Mount, David M. and Salowe, Jeffrey S. and Smid, Michiel},
	Booktitle = {Proceedings of the Twenty-seventh Annual ACM Symposium on Theory of Computing},
	Doi = {10.1145/225058.225191},
	Isbn = {0-89791-718-9},
	Location = {Las Vegas, Nevada, USA},
	Numpages = {10},
	Pages = {489--498},
	Publisher = {ACM},
	Series = {STOC '95},
	Title = {Euclidean Spanners: Short, Thin, and Lanky},
	Url = {http://doi.acm.org/10.1145/225058.225191},
	Year = {1995},
	Bdsk-Url-1 = {http://doi.acm.org/10.1145/225058.225191},
	Bdsk-Url-2 = {http://dx.doi.org/10.1145/225058.225191}}

@article{hein07graph,
	Author = {Matthias Hein and Jean-Yves Audibert and Ulrike von Luxburg},
	Date-Added = {2017-07-12 16:49:45 +0000},
	Date-Modified = {2017-07-12 16:49:45 +0000},
	Journal = {Journal of Machine Learning Research},
	Keywords = {Manifold learning and NLDR},
	Pages = {1325--1368},
	Title = {Graph Laplacians and their Convergence on Random Neighborhood Graphs},
	Volume = {8},
	Year = {2007}}

@inproceedings{ting10analysis,
	Author = {Daniel Ting and Ling Huang and Michael Jordan},
	Booktitle = {Proceedings of the 27th International Conference on Machine Learning},
	Date-Added = {2017-07-12 16:47:37 +0000},
	Date-Modified = {2017-07-12 16:47:37 +0000},
	Keywords = {Manifold learning and NLDR},
	Pages = {1079--1086},
	Title = {An Analysis of the Convergence of Graph Laplacians},
	Year = {2010}}

@article{amenta99surface,
	Author = {Nina Amenta and Marshall Bern},
	Date-Added = {2017-07-12 16:44:43 +0000},
	Date-Modified = {2017-07-12 16:44:43 +0000},
	Journal = {Discrete \& Computational Geometry},
	Pages = {481--504},
	Title = {Surface Reconstruction by {V}oronoi Filtering},
	Volume = {22},
	Year = {1999}}

@article{mcqueen16megaman,
	Author = {James McQueen and Marina Meil\u{a} and Jacob VanderPlas and Zhongyue Zhang},
	Date-Added = {2017-07-12 16:44:20 +0000},
	Date-Modified = {2017-07-12 16:44:20 +0000},
	Journal = {Journal of Machine Learning Research},
	Pages = {1--5},
	Title = {Megaman: Scalable Manifold Learning in Python},
	Volume = {17},
	Year = {2016}}

@book{biao15lectures,
	Author = {G{\'e}rard Biau and Luc Devroye},
	Date-Added = {2017-07-12 16:23:28 +0000},
	Date-Modified = {2017-07-12 16:23:28 +0000},
	Keywords = {Nearest Neighbors and Density Estimation},
	Publisher = {Springer},
	Series = {Springer Series in the Data Sciences},
	Title = {Lectures on the Nearest Neighbor Method},
	Year = {2015}}

@inproceedings{agarwal16efficient,
	Author = {Pankaj K. Agarwal and Kyle Fox and Oren Salzman},
	Booktitle = {Proceedings of the 27th Annual ACM-SIAM Symposium on Discrete Algorithms},
	Date-Added = {2017-07-12 16:20:35 +0000},
	Date-Modified = {2017-07-12 16:20:35 +0000},
	Keywords = {Adaptive Metrics},
	Pages = {1179--1192},
	Title = {An efficient algorithm for computing high quality paths amid polygonal obstacles},
	Year = {2016}}

@inproceedings{cavanna16adaptive,
	Author = {Nicholas J. Cavanna and Donald R. Sheehy},
	Booktitle = {Proceedings of the Canadian Conference on Computational Geometry},
	Date-Added = {2017-07-12 16:20:12 +0000},
	Date-Modified = {2017-07-12 16:20:12 +0000},
	Title = {Adaptive Metrics for Adaptive Samples},
	Year = {2016}}

@book{gorban07principal,
	Date-Added = {2017-07-12 14:49:54 +0000},
	Date-Modified = {2017-07-12 14:49:54 +0000},
	Editor = {A.N. Gorban and B. K{\'e}gl and D.C. Wunsch and A. Zinovyev},
	Publisher = {Springer},
	Series = {LNCSE},
	Title = {Principal Manifolds for Data Visualization and Dimension Reduction},
	Volume = {58},
	Year = {2007}}

@book{bookDey2007,
	Author = {T. K. Dey},
	Date-Added = {2017-07-12 14:43:16 +0000},
	Date-Modified = {2017-07-12 14:43:16 +0000},
	Publisher = {Cambridge University Press},
	Title = {Curve and Surface Reconstruction : Algorithms with Mathematical Analysis},
	Year = {2007}}

@article{tenenbaum00global,
	Author = {Joshua B. Tenenbaum and Vin de Silva and John C. Langford},
	Date-Added = {2017-07-12 14:42:31 +0000},
	Date-Modified = {2017-07-12 14:42:31 +0000},
	Journal = {Science},
	Keywords = {Dimensionality Reduction},
	Number = {5500},
	Pages = {2319--2323},
	Title = {A Global Geometric Framework for Nonlinear Dimensionality Reduction},
	Volume = {290},
	Year = {2000}}

@article{chazal11geometric,
	Author = {Fr{\'e}d{\'e}ric Chazal and David Cohen-Steiner and Quentin M{\'e}rigot},
	Date-Added = {2017-07-12 14:35:22 +0000},
	Date-Modified = {2017-07-12 14:35:22 +0000},
	Issue = {6},
	Journal = {Foundations of Computational Mathematics},
	Pages = {733--751},
	Title = {Geometric Inference for Probability Measures},
	Volume = {11},
	Year = {2011},
	Bdsk-Url-1 = {http://dx.doi.org/10.1007/s10208-011-9098-0}}

@article{carlsson09topology,
	Author = {Gunnar Carlsson},
	Date-Added = {2017-07-12 14:35:12 +0000},
	Date-Modified = {2017-07-12 14:35:12 +0000},
	Journal = {Bull. Amer. Math. Soc.},
	Keywords = {Persistence},
	Pages = {255--308},
	Title = {Topology and Data},
	Volume = {46},
	Year = {2009}}

@article{howard97euclidean,
	Author = {C. Douglas Howeard and Charles M. Newman},
	Date-Added = {2017-07-12 14:26:50 +0000},
	Date-Modified = {2017-07-12 14:26:50 +0000},
	Journal = {Probab. Theory Relat. Fields},
	Keywords = {DBD},
	Title = {Euclidean models of first-passage percolation},
	Volume = {108},
	Year = {1997}}

@article{vandermaaten08visualizing,
	Author = {Laurens van der Maaten and Geoffrey Hinton},
	Date-Added = {2017-07-12 14:26:26 +0000},
	Date-Modified = {2017-07-12 14:26:26 +0000},
	Journal = {Journal of Machine Learning Research},
	Keywords = {DBD and Nearest Neighbors and NLDR},
	Pages = {2579--2605},
	Title = {Visualizing Data using t-SNE},
	Volume = {9},
	Year = {2008}}

@inproceedings{cohen15approximating,
	Author = {Michael B. Cohen and Brittany Terese Fasy and Gary L. Miller and Amir Nayyeri and Donald R. Sheehy and Ameya Velingker},
	Booktitle = {Proceedings of the Algorithms and Data Structures Symposium},
	Date-Added = {2015-07-31 02:18:18 +0000},
	Date-Modified = {2015-07-31 02:23:04 +0000},
	Title = {Approximating Nearest Neighbor Distances},
	Year = {2015}}

@article{CohenFMNSV15,
	Author = {Michael B. Cohen and Brittany Terese Fasy and Gary L. Miller and Amir Nayyeri and Donald Sheehy and Ameya Velingker},
	Bibsource = {dblp computer science bibliography, http://dblp.org},
	Biburl = {http://dblp.uni-trier.de/rec/bib/journals/corr/CohenFMNSV15},
	Journal = {CoRR},
	Timestamp = {Mon, 02 Mar 2015 14:17:34 +0100},
	Title = {Approximating Nearest Neighbor Distances},
	Url = {http://arxiv.org/abs/1502.08048},
	Volume = {abs/1502.08048},
	Year = {2015},
	Bdsk-Url-1 = {http://arxiv.org/abs/1502.08048}}

@mastersthesis{SridharMaster,
	Author = {Prashant Sridhar},
	Month = {October},
	Note = {CMU CS Tech Report CMU-CS-15-149},
	School = {Carnegie Mellon University},
	Title = {An Experimental Study into Spectral and Geometric Approaches to Data Clustering},
	Year = {2015}}

@article{hwang2016,
	Author = {Hwang, Sung Jin and Damelin, Steven B. and Hero III, Alfred O.},
	Doi = {10.1214/15-AAP1162},
	Fjournal = {The Annals of Applied Probability},
	Journal = {Ann. Appl. Probab.},
	Month = {10},
	Number = {5},
	Pages = {2791--2823},
	Publisher = {The Institute of Mathematical Statistics},
	Title = {Shortest path through random points},
	Url = {http://dx.doi.org/10.1214/15-AAP1162},
	Volume = {26},
	Year = {2016},
	Bdsk-Url-1 = {http://dx.doi.org/10.1214/15-AAP1162}}

@article{howard2001,
	Author = {Howard, C. Douglas and Newman, Charles M.},
	Doi = {10.1214/aop/1008956686},
	Fjournal = {The Annals of Probability},
	Journal = {Ann. Probab.},
	Month = {04},
	Number = {2},
	Pages = {577--623},
	Publisher = {The Institute of Mathematical Statistics},
	Title = {Special Invited Paper: Geodesics And Spanning Tees For Euclidean First-Passage Percolaton},
	Url = {http://dx.doi.org/10.1214/aop/1008956686},
	Volume = {29},
	Year = {2001},
	Bdsk-Url-1 = {http://dx.doi.org/10.1214/aop/1008956686}}

@article{Kirszbraun1934,
	Author = {Kirszbraun, M.},
	Journal = {Fundamenta Mathematicae},
	Language = {ger},
	Number = {1},
	Pages = {77-108},
	Title = {{\"U}ber die zusammenziehende und Lipschitzsche Transformationen},
	Url = {http://eudml.org/doc/212681},
	Volume = {22},
	Year = {1934},
	Bdsk-Url-1 = {http://eudml.org/doc/212681}}

@article{Valentine1945,
	Author = {F. A. Valentine},
	Issn = {00029327, 10806377},
	Journal = {American Journal of Mathematics},
	Number = {1},
	Pages = {83-93},
	Publisher = {Johns Hopkins University Press},
	Title = {A {L}ipschitz Condition Preserving Extension for a Vector Function},
	Url = {http://www.jstor.org/stable/2371917},
	Volume = {67},
	Year = {1945},
	Bdsk-Url-1 = {http://www.jstor.org/stable/2371917}}

@article{brehm1981,
	Author = {Brehm, Ulrich},
	Journal = {Journal of Geometry},
	Number = {1},
	Pages = {187--193},
	Publisher = {Springer},
	Title = {Extensions of distance reducing mappings to piecewise congruent mappings on $\ell_m$},
	Volume = {16},
	Year = {1981}}

@inproceedings{bijral11semiSupLearningDBD,
	Author = {Bijral, Avleen Singh and Ratliff, Nathan D. and Srebro, Nathan},
	Booktitle = {UAI},
	Editor = {Cozman, Fabio Gagliardi and Pfeffer, Avi},
	Pages = {43-50},
	Publisher = {AUAI Press},
	Title = {Semi-supervised Learning with Density Based Distances.},
	Year = 2011}

@inproceedings{vincent03,
	Author = {Pascal Vincent and Yoshua Bengio},
	Booktitle = {Snowbird Workshop},
	Optbooktitle = {Proceedings of the Snowbird Workshop},
	Title = {Density sensitive metrics and kernels},
	Year = {2003}}

@inproceedings{sajama05estimatingDBDM,
	Acmid = {1102447},
	Address = {New York, NY, USA},
	Author = {Sajama and Orlitsky, Alon},
	Booktitle = {ICML '05},
	Doi = {10.1145/1102351.1102447},
	Isbn = {1-59593-180-5},
	Location = {Bonn, Germany},
	Numpages = {8},
	Optbooktitle = {Proceedings of the 22nd international conference on Machine learning},
	Optseries = {ICML '05},
	Pages = {760--767},
	Publisher = {ACM},
	Title = {Estimating and computing density based distance metrics},
	Url = {http://doi.acm.org/10.1145/1102351.1102447},
	Year = {2005},
	Bdsk-Url-1 = {http://doi.acm.org/10.1145/1102351.1102447},
	Bdsk-Url-2 = {http://dx.doi.org/10.1145/1102351.1102447}}

@inproceedings{xxDEPRECATEDxxGrunewald02DistMaintaWireless,
	Acmid = {700330},
	Address = {London, UK, UK},
	Author = {Grunewald, Matthias and Lukovszki, Tamas and Schindelhauer, Christian and Volbert, Klaus},
	Booktitle = {Proceedings of the 8th International Euro-Par Conference on Parallel Processing},
	Isbn = {3-540-44049-6},
	Numpages = {12},
	Pages = {935--946},
	Publisher = {Springer-Verlag},
	Series = {Euro-Par '02},
	Title = {Distributed Maintenance of Resource Efficient Wireless Network Topologies (Distinguished Paper)},
	Url = {http://dl.acm.org/citation.cfm?id=646667.700330},
	Year = {2002},
	Bdsk-Url-1 = {http://dl.acm.org/citation.cfm?id=646667.700330}}

@misc{wiki:bijral,
	Author = {Bijral, Avleen Singh and Ratliff, Nathan D. and Srebro, Nathan},
	Title = {Semi-supervised learning --- Wikipedia{,} The Free Encyclopedia},
	Url = {http://en.wikipedia.org/788184427},
	Year = {2017},
	Bdsk-Url-1 = {http://en.wikipedia.org/788184427}}

@inproceedings{Ester1996,
	Acmid = {3001507},
	Author = {Ester, Martin and Kriegel, Hans-Peter and Sander, J\"{o}rg and Xu, Xiaowei},
	Booktitle = {Proceedings of the Second International Conference on Knowledge Discovery and Data Mining},
	Keywords = {arbitrary shape of clusters, clustering algorithms, efficiency on large spatial databases, handling nlj4-275oise},
	Location = {Portland, Oregon},
	Numpages = {6},
	Pages = {226--231},
	Publisher = {AAAI Press},
	Series = {KDD'96},
	Title = {A Density-based Algorithm for Discovering Clusters a Density-based Algorithm for Discovering Clusters in Large Spatial Databases with Noise},
	Url = {http://dl.acm.org/citation.cfm?id=3001460.3001507},
	Year = {1996},
	Bdsk-Url-1 = {http://dl.acm.org/citation.cfm?id=3001460.3001507}}


@article{CohenKPPR14,
  author    = {Michael B. Cohen and
               Rasmus Kyng and
               Jakub W. Pachocki and
               Richard Peng and
               Anup B. Rao},
  title     = {Preconditioning in Expectation},
  journal   = {CoRR},
  volume    = {abs/1401.6236},
  year      = {2014},
  url       = {http://arxiv.org/abs/1401.6236},
  archivePrefix = {arXiv},
  eprint    = {1401.6236},
  timestamp = {Mon, 28 Aug 2017 20:59:32 +0200},
  biburl    = {http://dblp.org/rec/bib/journals/corr/CohenKPPR14},
  bibsource = {dblp computer science bibliography, http://dblp.org}
}


@article{CohenMPPX14,
  author    = {Michael B. Cohen and
               Gary L. Miller and
               Jakub W. Pachocki and
               Richard Peng and
               Shen Chen Xu},
  title     = {Stretching Stretch},
  journal   = {CoRR},
  volume    = {abs/1401.2454},
  year      = {2014},
  url       = {http://arxiv.org/abs/1401.2454},
  timestamp = {Sun, 02 Feb 2014 18:37:28 +0100},
  biburl    = {http://dblp.uni-trier.de/rec/bib/journals/corr/CohenMPPX14},
  bibsource = {dblp computer science bibliography, http://dblp.org}
}

@Book{Deza1997,
  author = 	 {Michel Marie Deza and Monique  Laurent},
  ALTeditor = 	 {},
  title = 	 {Geometry of Cuts and Metrics},
  publisher = 	 {Springer},
  year = 	 {1997},
  OPTkey = 	 {},
  OPTvolume = 	 {},
  number = 	 {ISBN 978-3-642-04295-9},
  OPTseries = 	 {},
  OPTaddress = 	 {},
  OPTedition = 	 {},
  OPTmonth = 	 {},
  OPTnote = 	 {},
  OPTannote = 	 {}
}

@article{Callahan1995,
	Acmid = {200853},
	Address = {New York, NY, USA},
	Author = {Callahan, Paul B. and Kosaraju, S. Rao},
	Doi = {10.1145/200836.200853},
	Issn = {0004-5411},
	Issue_Date = {Jan. 1995},
	Journal = {J. ACM},
	Keywords = {all nearest neighbors, fast multipole method},
	Month = jan,
	Number = {1},
	Numpages = {24},
	Pages = {67--90},
	Publisher = {ACM},
	Title = {A Decomposition of Multidimensional Point Sets with Applications to K-nearest-neighbors and N-body Potential Fields},
	Url = {http://doi.acm.org/10.1145/200836.200853},
	Volume = {42},
	Year = {1995},
	Bdsk-Url-1 = {http://doi.acm.org/10.1145/200836.200853},
	Bdsk-Url-2 = {http://dx.doi.org/10.1145/200836.200853}}

@inproceedings{Callahan1993,
	Acmid = {313777},
	Address = {Philadelphia, PA, USA},
	Author = {Callahan, Paul B. and Kosaraju, S. Rao},
	Booktitle = {Proceedings of the Fourth Annual ACM-SIAM Symposium on Discrete Algorithms},
	Isbn = {0-89871-313-7},
	Location = {Austin, Texas, USA},
	Numpages = {10},
	Pages = {291--300},
	Publisher = {Society for Industrial and Applied Mathematics},
	Series = {SODA '93},
	Title = {Faster Algorithms for Some Geometric Graph Problems in Higher Dimensions},
	Url = {http://dl.acm.org/citation.cfm?id=313559.313777},
	Year = {1993},
	Bdsk-Url-1 = {http://dl.acm.org/citation.cfm?id=313559.313777}}

@inproceedings{LiWan2001,
	Author = {Xiang-Yang Li and Peng-Jun Wan and Yu Wang},
	Booktitle = {Proceedings Tenth International Conference on Computer Communications and Networks},
	Optpages = {564--567},
	Title = {Power efficient and sparse spanner for wireless ad hoc networks},
	Year = {2001}}
